<?xml version="1.0" encoding="UTF-8"?><collection xmlns="http://www.loc.gov/MARC21/slim"><record><leader>00525nam--2200121-i-4500</leader><controlfield tag="001">000037450</controlfield><controlfield tag="002">20161230</controlfield><controlfield tag="005">20161230201041</controlfield><controlfield tag="008">060222s1000------------r-----000-0-eng-d</controlfield><datafield ind1=" " ind2=" " tag="080"><subfield code="a">621.039:621.311.2</subfield></datafield><datafield ind1=" " ind2=" " tag="245"><subfield code="a">La qualita in campo nucleare. atti del xxi congresso nucleare di roma organizzato dal forum italiano dell`energia nucleare con la collaborazione del comit.nazionale per l`energia nucleare e dell`ente nazionale per l`energia elettrica</subfield></datafield><datafield ind1=" " ind2=" " tag="260"><subfield code="a">Roma, Comitato Nazionale Energia Nucleare, 1976, 188p</subfield></datafield><datafield ind1=" " ind2=" " tag="852"><subfield code="a">44328</subfield></datafield></record></collection>